@article{ding2023chiral,
  title={Chiral fluid membranes with orientational order and multiple edges},
  author={Ding, Lijie and Pelcovits, Robert A and Powers, Thomas R},
  journal={Soft Matter},
  volume={19},
  number={43},
  pages={8453--8464},
  year={2023},
  publisher={Royal Society of Chemistry}
}
@article{ding2021deformation,
  author    = {Ding, Lijie and Pelcovits, Robert A. and Powers, Thomas R.},
  title     = {{Deformation and orientational order of chiral membranes with free edges}},
  journal   = {Soft Matter},
  year      = {2021},
  volume    = {17},
  issue     = {27},
  pages     = {6580-6588},
  publisher = {The Royal Society of Chemistry}
}

@article{ding2020shapes,
  title     = {{Shapes of fluid membranes with chiral edges}},
  author    = {Ding, Lijie and Pelcovits, Robert A and Powers, Thomas R},
  journal   = {Physical Review E},
  volume    = {102},
  number    = {3},
  pages     = {032608},
  year      = {2020},
  publisher = {APS}
}

@article{lameh2020controlled,
  title     = {{Controlled Amplification of DNA Brownian Motion Using Electrokinetic Noise}},
  author    = {Lameh, Shayan and Ding, Lijie and Stein, Derek},
  journal   = {Physical Review Applied},
  volume    = {14},
  number    = {5},
  pages     = {054042},
  year      = {2020},
  publisher = {APS}
}
@article{elcci2018lifted,
  title     = {{Lifted worm algorithm for the Ising model}},
  author    = {El{\c{c}}i, Eren Metin and Grimm, Jens and Ding, Lijie and Nasrawi, Abrahim and Garoni, Timothy M and Deng, Youjin},
  journal   = {Physical Review E},
  volume    = {97},
  number    = {4},
  pages     = {042126},
  year      = {2018},
  publisher = {APS}
}
@article{khan2019yourself,
  title={Do-It-Yourself integration of a paper sensor in a smart lid for medication adherence},
  author={Khan, Sherjeel M and Qaiser, Nadeem and Shaikh, Sohail F and Ding, Lijie J and Hussain, Muhammad M},
  journal={Flexible and Printed Electronics},
  volume={4},
  number={2},
  pages={025001},
  year={2019},
  publisher={IOP Publishing}
}
@article{wei2016trajectory,
  title={Trajectory Prediction of Rotating Objects in Viscous Fluid: Based on Kinematic Investigation of Magnus Glider},
  author={Wei, Zhiyuan and Ding, Lijie and Wei, Kai and Wang, Ziwei and Dai, Rucheng},
  journal={arXiv preprint arXiv:1610.02768},
  year={2016}
}
@inproceedings{ding2022three,
  title={Three-dimensional structures of chiral membrane with free edges},
  author={Ding, Lijie and Pelcovits, Robert and Powers, Thomas},
  booktitle={APS March Meeting Abstracts},
  volume={2022},
  pages={Y26--004},
  year={2022}
}
@inproceedings{ding2021monte,
  title={Monte Carlo simulation of fluid membranes with orientational order and free edges},
  author={Ding, Lijie and Pelcovits, Robert and Powers, Thomas},
  booktitle={APS March Meeting Abstracts},
  volume={2021},
  pages={B06--003},
  year={2021}
}
